%% This BibTeX bibliography file was created using BibDesk.
%% http://bibdesk.sourceforge.net/

%% Created for rxdh at 2016-05-12 22:05:56 -0700 


%% Saved with string encoding Unicode (UTF-8) 


@article{DaleReiter95_GriceanRefs,
	Author = {Dale, Robert and Reiter, Ehud},
	Journal = {Cognitive science},
	Number = {2},
	Pages = {233--263},
	Title = {Computational interpretations of the Gricean maxims in the generation of referring expressions},
	Volume = {19},
	Year = {1995}}

@article{SpiveyGrosjeanKnoblich05,
	Author = {Spivey, M.J. and Grosjean, M. and Knoblich, G.},
	Journal = {Proceedings of the National Academy of Sciences},
	Number = {29},
	Pages = {10393--10398},
	Title = {Continuous attraction toward phonological competitors},
	Volume = {102},
	Year = {2005}}

@inproceedings{RoddenEtAl08_EyeMouseCoordinationWebSearch,
	Author = {Rodden, Kerry and Fu, Xin and Aula, Anne and Spiro, Ian},
	Booktitle = {CHI'08 extended abstracts on Human factors in computing systems},
	Organization = {ACM},
	Pages = {2997--3002},
	Title = {Eye-mouse coordination patterns on web search results pages},
	Year = {2008}}

@article{MonroeEtAl17_ColorsInContext,
	Author = {Monroe, Will and Hawkins, Robert XD and Goodman, Noah D and Potts, Christopher},
	Journal = {arXiv preprint arXiv:1703.10186},
	Title = {Colors in Context: A Pragmatic Neural Model for Grounded Language Understanding},
	Year = {2017}}

@article{GriffithsLiederGoodman15_LevelsOfAnalysis,
	Author = {Griffiths, Thomas L. and Lieder, Falk and Goodman, Noah D.},
	Journal = {Topics in Cognitive Science},
	Number = {2},
	Pages = {217--229},
	Title = {Rational Use of Cognitive Resources: Levels of Analysis Between the Computational and the Algorithmic},
	Volume = {7},
	Year = {2015}}

@article{BrownSchmidtTanenhaus08_TargetedGame,
	Author = {Brown-Schmidt, Sarah and Tanenhaus, Michael K},
	Journal = {Cognitive science},
	Number = {4},
	Pages = {643--684},
	Title = {Real-time investigation of referential domains in unscripted conversation: A targeted language game approach},
	Volume = {32},
	Year = {2008}}

@article{MozuraitisEtAl18_ProductionCombination,
	Author = {Mozuraitis, Mindaugas and Stevenson, Suzanne and Heller, Daphna},
	Journal = {Cognitive Science},
	Title = {Modeling Reference Production as the Probabilistic Combination of Multiple Perspectives},
	Year = {2018}}


@article{KuhlenBrennan13_LanguageInDialogue,
	Author = {Kuhlen, Anna K and Brennan, Susan E},
	Journal = {Psychonomic bulletin \& review},
	Number = {1},
	Pages = {54--72},
	Title = {Language in dialogue: when confederates might be hazardous to your data},
	Volume = {20},
	Year = {2013}}


@inproceedings{ChenEtAl01_MouseCursor,
	Author = {Chen, Mon Chu and Anderson, John R and Sohn, Myeong Ho},
	Booktitle = {CHI'01 extended abstracts on Human factors in computing systems},
	Organization = {ACM},
	Pages = {281--282},
	Title = {What can a mouse cursor tell us more?: correlation of eye/mouse movements on web browsing},
	Year = {2001}}

@article{ScottBaillargeon17_EarlyToM,
	Author = {Scott, Rose M. and Baillargeon, Ren{\'e}e},
	Journal = {Trends in Cognitive Sciences},
	Number = {4},
	Pages = {237--249},
	Title = {Early False-Belief Understanding},
	Volume = {21},
	Year = {2017}}


@article{SetohScottBaillargeon16_FalseBelief,
	Author = {Setoh, Peipei and Scott, Rose M. and Baillargeon, Ren{\'e}e},
	Journal = {Proceedings of the National Academy of Sciences},
	Number = {47},
	Pages = {13360-13365},
	Title = {Two-and-a-half-year-olds succeed at a traditional false-belief task with reduced processing demands},
	Volume = {113},
	Year = {2016}}


@article{WellmanCrossWatson01_ToMMetaAnalysis,
	Author = {Wellman, Henry M and Cross, David and Watson, Julanne},
	Journal = {Child development},
	Pages = {655--684},
	Title = {Meta-analysis of theory-of-mind development: The truth about false belief},
	Year = {2001}}


@article{GopnikWellman92_TheoryTheory,
	Author = {Gopnik, Alison and Wellman, Henry M},
	Journal = {Mind \& Language},
	Number = {1-2},
	Pages = {145--171},
	Title = {Why the child's theory of mind really is a theory},
	Volume = {7},
	Year = {1992}}


@article{PantelisEtAl14_IntentionInference,
	Author = {Pantelis, Peter C and Baker, Chris L and Cholewiak, Steven A and Sanik, Kevin and Weinstein, Ari and Wu, Chia-Chien and Tenenbaum, Joshua B and Feldman, Jacob},
	Journal = {Cognition},
	Number = {3},
	Pages = {360--379},
	Title = {Inferring the intentional states of autonomous virtual agents},
	Volume = {130},
	Year = {2014}}


@inproceedings{GrafEtAl16_BasicLevel,
	Author = {Graf, Caroline and Degen, Judith and Hawkins, Robert XD and Goodman, Noah D},
	Booktitle = {Proceedings of the 38th Annual Conference of the {C}ognitive {S}cience {S}ociety},
	Editor = {Papafragou, A. and Grodner, D. and Mirman, D. and Trueswell, J.C.},
	Title = {Animal, dog, or dalmatian? Level of abstraction in nominal referring expressions},
	Year = {2016}}


@book{VanDeemter16_ComputationalModelsOfReferring,
	Author = {van Deemter, Kees},
	Publisher = {MIT Press},
	Title = {Computational models of referring: a study in cognitive science},
	Year = {2016}}

@book{Lewis69_Convention,
	Author = {Lewis, David},
	Publisher = {Harvard University Press},
	Title = {Convention: A philosophical study},
	Year = {1969}}


@article{CentolaBaronchelli15_ConventionEmergence,
	Author = {Centola, Damon and Baronchelli, Andrea},
	Journal = {Proceedings of the National Academy of Sciences},
	Number = {7},
	Pages = {1989--1994},
	Title = {The spontaneous emergence of conventions: An experimental study of cultural evolution},
	Volume = {112},
	Year = {2015}}


@article{BrennanClark96_ConceptualPactsConversation,
	Author = {Brennan, Susan E and Clark, Herbert H},
	Journal = {Journal of Experimental Psychology: Learning, Memory, and Cognition},
	Number = {6},
	Pages = {1482},
	Title = {Conceptual pacts and lexical choice in conversation.},
	Volume = {22},
	Year = {1996}}



@article{JaraEttingerEtAl16_NaiveUtilityCalculus,
	Author = {Julian Jara-Ettinger and Hyowon Gweon and Laura E. Schulz and Joshua B. Tenenbaum},
	Journal = {Trends in Cognitive Sciences},
	Number = {8},
	Pages = {589--604},
	Title = {The Na{\"\i}ve Utility Calculus: Computational Principles Underlying Commonsense Psychology},
	Volume = {20},
	Year = {2016}}


@article{KileyHamlinEtAl13_MentalisticCoreSocial,
	Author = {Kiley Hamlin, J and Ullman, Tomer and Tenenbaum, Josh and Goodman, Noah and Baker, Chris},
	Journal = {Developmental science},
	Number = {2},
	Pages = {209--226},
	Title = {The mentalistic basis of core social cognition: experiments in preverbal infants and a computational model},
	Volume = {16},
	Year = {2013}}

@article{BakerEtAl17_ToMBayesian,
	Author = {Baker, Chris L and Jara-Ettinger, Julian and Saxe, Rebecca and Tenenbaum, Joshua B},
	Journal = {Nature Human Behaviour},
	Pages = {0064},
	Title = {Rational quantitative attribution of beliefs, desires and percepts in human mentalizing},
	Volume = {1},
	Year = {2017}}


@article{HannaTanenhaus04_PragmaticEffects,
	Author = {Hanna, Joy E and Tanenhaus, Michael K},
	Journal = {Cognitive Science},
	Number = {1},
	Pages = {105--115},
	Title = {Pragmatic effects on reference resolution in a collaborative task: Evidence from eye movements},
	Volume = {28},
	Year = {2004}}


@inproceedings{HawkinsGoodman16_Keysar,
	Author = {Hawkins, Robert X. D. and Goodman, Noah D.},
	Booktitle = {Proceedings of the 38th Annual Conference of the {C}ognitive {S}cience {S}ociety},
	Editor = {Papafragou, A. and Grodner, D. and Mirman, D., and Trueswell, J.C.},
	Title = {Conversational expectations account for apparent limits on theory of mind use},
	Year = {2016}}


@article{WestraCarruthers17_PragmaticsToMScale,
	Author = {Westra, Evan and Carruthers, Peter},
	Journal = {Cognition},
	Pages = {165--176},
	Title = {Pragmatic development explains the Theory-of-Mind Scale},
	Volume = {158},
	Year = {2017}}

@article{RubioFernandez16_DirectorTaskAttention,
	Author = {Rubio-Fern{\'a}ndez, Paula},
	Journal = {Psychonomic Bulletin \& Review},
	Pages = {1--8},
	Title = {The director task: A test of Theory-of-Mind use or selective attention?},
	Year = {2016}}

@article{GannBarr14_AudienceDesign,
	Author = {Gann, Timothy M and Barr, Dale J},
	Date-Added = {2016-05-13 04:10:27 +0000},
	Date-Modified = {2016-05-13 04:13:25 +0000},
	Journal = {Language, Cognition and Neuroscience},
	Number = {6},
	Pages = {744--760},
	Publisher = {Taylor \& Francis},
	Title = {Speaking from experience: Audience design as expert performance},
	Volume = {29},
	Year = {2014},
	Bdsk-File-1 = {YnBsaXN0MDDUAQIDBAUGJCVYJHZlcnNpb25YJG9iamVjdHNZJGFyY2hpdmVyVCR0b3ASAAGGoKgHCBMUFRYaIVUkbnVsbNMJCgsMDxJXTlMua2V5c1pOUy5vYmplY3RzViRjbGFzc6INDoACgAOiEBGABIAFgAdccmVsYXRpdmVQYXRoWWFsaWFzRGF0YV8QPi4uLy4uLy4uLy4uL0JveCBTeW5jL3BhcGVycy9wZGZzL0dhbm5CYXJyMTRfQXVkaWVuY2VEZXNpZ24ucGRm0hcLGBlXTlMuZGF0YU8RAdIAAAAAAdIAAgAADE1hY2ludG9zaCBIRAAAAAAAAAAAAAAAAAAAAM/TyFZIKwAAAAxCaB1HYW5uQmFycjE0X0F1ZGllbmNlRGVzaWduLnBkZgAAAAAAAAAAAAAAAAAAAAAAAAAAAAAAAAAAAAAAAAAAAAAEODON01qibQAAAAAAAAAAAAQABAAACSAAAAAAAAAAAAAAAAAAAAAEcGRmcwAQAAgAAM/UKsYAAAARAAgAANNbBN0AAAABABQADEJoAAxCZAAMPhQACWhKAAJm+QACAE9NYWNpbnRvc2ggSEQ6VXNlcnM6AHJ4ZGg6AEJveCBTeW5jOgBwYXBlcnM6AHBkZnM6AEdhbm5CYXJyMTRfQXVkaWVuY2VEZXNpZ24ucGRmAAAOADwAHQBHAGEAbgBuAEIAYQByAHIAMQA0AF8AQQB1AGQAaQBlAG4AYwBlAEQAZQBzAGkAZwBuAC4AcABkAGYADwAaAAwATQBhAGMAaQBuAHQAbwBzAGgAIABIAEQAEgA9VXNlcnMvcnhkaC9Cb3ggU3luYy9wYXBlcnMvcGRmcy9HYW5uQmFycjE0X0F1ZGllbmNlRGVzaWduLnBkZgAAEwABLwAAFQACAAv//wAAgAbSGxwdHlokY2xhc3NuYW1lWCRjbGFzc2VzXU5TTXV0YWJsZURhdGGjHR8gVk5TRGF0YVhOU09iamVjdNIbHCIjXE5TRGljdGlvbmFyeaIiIF8QD05TS2V5ZWRBcmNoaXZlctEmJ1Ryb290gAEACAARABoAIwAtADIANwBAAEYATQBVAGAAZwBqAGwAbgBxAHMAdQB3AIQAjgDPANQA3AKyArQCuQLEAs0C2wLfAuYC7wL0AwEDBAMWAxkDHgAAAAAAAAIBAAAAAAAAACgAAAAAAAAAAAAAAAAAAAMg}}

@article{HellerParisienStevenson16_ProbabilisticWeighing,
	Author = {Heller, D and Parisien, C and Stevenson, S},
	Date-Added = {2016-02-08 19:59:38 +0000},
	Date-Modified = {2016-02-08 20:00:41 +0000},
	Journal = {Cognition},
	Pages = {104},
	Title = {Perspective-taking behavior as the probabilistic weighing of multiple domains.},
	Volume = {149},
	Year = {2016},
	Bdsk-File-1 = {YnBsaXN0MDDUAQIDBAUGJCVYJHZlcnNpb25YJG9iamVjdHNZJGFyY2hpdmVyVCR0b3ASAAGGoKgHCBMUFRYaIVUkbnVsbNMJCgsMDxJXTlMua2V5c1pOUy5vYmplY3RzViRjbGFzc6INDoACgAOiEBGABIAFgAdccmVsYXRpdmVQYXRoWWFsaWFzRGF0YV8QVC4uLy4uLy4uLy4uL0JveCBTeW5jL3BhcGVycy9wZGZzL0hlbGxlclBhcmlzaWVuU3RldmVuc29uMTZfUHJvYmFiaWxpc3RpY1dlaWdoaW5nLnBkZtIXCxgZV05TLmRhdGFPEQIWAAAAAAIWAAIAAAxNYWNpbnRvc2ggSEQAAAAAAAAAAAAAAAAAAADP08hWSCsAAAAMQmgfSGVsbGVyUGFyaXNpZW5TdGV2ZSM0MzgxRDg1LnBkZgAAAAAAAAAAAAAAAAAAAAAAAAAAAAAAAAAAAAAAAAAABDgdhdLeM8xQREYgAAAAAAAEAAQAAAkgAAAAAAAAAAAAAAAAAAAABHBkZnMAEAAIAADP1CrGAAAAEQAIAADS3qRMAAAAAQAUAAxCaAAMQmQADD4UAAloSgACZvkAAgBRTWFjaW50b3NoIEhEOlVzZXJzOgByeGRoOgBCb3ggU3luYzoAcGFwZXJzOgBwZGZzOgBIZWxsZXJQYXJpc2llblN0ZXZlIzQzODFEODUucGRmAAAOAGgAMwBIAGUAbABsAGUAcgBQAGEAcgBpAHMAaQBlAG4AUwB0AGUAdgBlAG4AcwBvAG4AMQA2AF8AUAByAG8AYgBhAGIAaQBsAGkAcwB0AGkAYwBXAGUAaQBnAGgAaQBuAGcALgBwAGQAZgAPABoADABNAGEAYwBpAG4AdABvAHMAaAAgAEgARAASAFNVc2Vycy9yeGRoL0JveCBTeW5jL3BhcGVycy9wZGZzL0hlbGxlclBhcmlzaWVuU3RldmVuc29uMTZfUHJvYmFiaWxpc3RpY1dlaWdoaW5nLnBkZgAAEwABLwAAFQACAAv//wAAgAbSGxwdHlokY2xhc3NuYW1lWCRjbGFzc2VzXU5TTXV0YWJsZURhdGGjHR8gVk5TRGF0YVhOU09iamVjdNIbHCIjXE5TRGljdGlvbmFyeaIiIF8QD05TS2V5ZWRBcmNoaXZlctEmJ1Ryb290gAEACAARABoAIwAtADIANwBAAEYATQBVAGAAZwBqAGwAbgBxAHMAdQB3AIQAjgDlAOoA8gMMAw4DEwMeAycDNQM5A0ADSQNOA1sDXgNwA3MDeAAAAAAAAAIBAAAAAAAAACgAAAAAAAAAAAAAAAAAAAN6}}

@article{HannaTanenhausTrueswell03_CommonGroundPerspective,
	Author = {Hanna, Joy E and Tanenhaus, Michael K and Trueswell, John C},
	Date-Added = {2016-01-17 03:12:46 +0000},
	Date-Modified = {2016-01-17 03:13:04 +0000},
	Journal = {Journal of Memory and Language},
	Number = {1},
	Pages = {43--61},
	Publisher = {Elsevier},
	Title = {The effects of common ground and perspective on domains of referential interpretation},
	Volume = {49},
	Year = {2003},
	Bdsk-File-1 = {YnBsaXN0MDDUAQIDBAUGJCVYJHZlcnNpb25YJG9iamVjdHNZJGFyY2hpdmVyVCR0b3ASAAGGoKgHCBMUFRYaIVUkbnVsbNMJCgsMDxJXTlMua2V5c1pOUy5vYmplY3RzViRjbGFzc6INDoACgAOiEBGABIAFgAdccmVsYXRpdmVQYXRoWWFsaWFzRGF0YV8QVi4uLy4uLy4uLy4uL0JveCBTeW5jL3BhcGVycy9wZGZzL0hhbm5hVGFuZW5oYXVzVHJ1ZXN3ZWxsMDNfQ29tbW9uR3JvdW5kUGVyc3BlY3RpdmUucGRm0hcLGBlXTlMuZGF0YU8RAhwAAAAAAhwAAgAADE1hY2ludG9zaCBIRAAAAAAAAAAAAAAAAAAAAM/TyFZIKwAAAAxCaB9IYW5uYVRhbmVuaGF1c1RydWVzIzNGREZDNTcucGRmAAAAAAAAAAAAAAAAAAAAAAAAAAAAAAAAAAAAAAAAAAAD/fxX0sBGyVBERiAAAAAAAAQABAAACSAAAAAAAAAAAAAAAAAAAAAEcGRmcwAQAAgAAM/UKsYAAAARAAgAANLAt0kAAAABABQADEJoAAxCZAAMPhQACWhKAAJm+QACAFFNYWNpbnRvc2ggSEQ6VXNlcnM6AHJ4ZGg6AEJveCBTeW5jOgBwYXBlcnM6AHBkZnM6AEhhbm5hVGFuZW5oYXVzVHJ1ZXMjM0ZERkM1Ny5wZGYAAA4AbAA1AEgAYQBuAG4AYQBUAGEAbgBlAG4AaABhAHUAcwBUAHIAdQBlAHMAdwBlAGwAbAAwADMAXwBDAG8AbQBtAG8AbgBHAHIAbwB1AG4AZABQAGUAcgBzAHAAZQBjAHQAaQB2AGUALgBwAGQAZgAPABoADABNAGEAYwBpAG4AdABvAHMAaAAgAEgARAASAFVVc2Vycy9yeGRoL0JveCBTeW5jL3BhcGVycy9wZGZzL0hhbm5hVGFuZW5oYXVzVHJ1ZXN3ZWxsMDNfQ29tbW9uR3JvdW5kUGVyc3BlY3RpdmUucGRmAAATAAEvAAAVAAIAC///AACABtIbHB0eWiRjbGFzc25hbWVYJGNsYXNzZXNdTlNNdXRhYmxlRGF0YaMdHyBWTlNEYXRhWE5TT2JqZWN00hscIiNcTlNEaWN0aW9uYXJ5oiIgXxAPTlNLZXllZEFyY2hpdmVy0SYnVHJvb3SAAQAIABEAGgAjAC0AMgA3AEAARgBNAFUAYABnAGoAbABuAHEAcwB1AHcAhACOAOcA7AD0AxQDFgMbAyYDLwM9A0EDSANRA1YDYwNmA3gDewOAAAAAAAAAAgEAAAAAAAAAKAAAAAAAAAAAAAAAAAAAA4I=}}

@article{LinKeysarEpley10_ReflexivelyMindblind,
	Author = {Lin, Shuhong and Keysar, Boaz and Epley, Nicholas},
	Date-Added = {2016-01-17 02:17:40 +0000},
	Date-Modified = {2016-01-17 02:17:49 +0000},
	Journal = {Journal of Experimental Social Psychology},
	Number = {3},
	Pages = {551--556},
	Publisher = {Elsevier},
	Title = {Reflexively mindblind: Using theory of mind to interpret behavior requires effortful attention},
	Volume = {46},
	Year = {2010},
	Bdsk-File-1 = {YnBsaXN0MDDUAQIDBAUGJCVYJHZlcnNpb25YJG9iamVjdHNZJGFyY2hpdmVyVCR0b3ASAAGGoKgHCBMUFRYaIVUkbnVsbNMJCgsMDxJXTlMua2V5c1pOUy5vYmplY3RzViRjbGFzc6INDoACgAOiEBGABIAFgAdccmVsYXRpdmVQYXRoWWFsaWFzRGF0YV8QSi4uLy4uLy4uLy4uL0JveCBTeW5jL3BhcGVycy9wZGZzL0xpbktleXNhckVwbGV5MTBfUmVmbGV4aXZlbHlNaW5kYmxpbmQucGRm0hcLGBlXTlMuZGF0YU8RAfgAAAAAAfgAAgAADE1hY2ludG9zaCBIRAAAAAAAAAAAAAAAAAAAAM/TyFZIKwAAAAxCaB9MaW5LZXlzYXJFcGxleTEwX1JlIzNDOERBMzcucGRmAAAAAAAAAAAAAAAAAAAAAAAAAAAAAAAAAAAAAAAAAAADyNo30sA52gAAAAAAAAAAAAQABAAACSAAAAAAAAAAAAAAAAAAAAAEcGRmcwAQAAgAAM/UKsYAAAARAAgAANLAqloAAAABABQADEJoAAxCZAAMPhQACWhKAAJm+QACAFFNYWNpbnRvc2ggSEQ6VXNlcnM6AHJ4ZGg6AEJveCBTeW5jOgBwYXBlcnM6AHBkZnM6AExpbktleXNhckVwbGV5MTBfUmUjM0M4REEzNy5wZGYAAA4AVAApAEwAaQBuAEsAZQB5AHMAYQByAEUAcABsAGUAeQAxADAAXwBSAGUAZgBsAGUAeABpAHYAZQBsAHkATQBpAG4AZABiAGwAaQBuAGQALgBwAGQAZgAPABoADABNAGEAYwBpAG4AdABvAHMAaAAgAEgARAASAElVc2Vycy9yeGRoL0JveCBTeW5jL3BhcGVycy9wZGZzL0xpbktleXNhckVwbGV5MTBfUmVmbGV4aXZlbHlNaW5kYmxpbmQucGRmAAATAAEvAAAVAAIAC///AACABtIbHB0eWiRjbGFzc25hbWVYJGNsYXNzZXNdTlNNdXRhYmxlRGF0YaMdHyBWTlNEYXRhWE5TT2JqZWN00hscIiNcTlNEaWN0aW9uYXJ5oiIgXxAPTlNLZXllZEFyY2hpdmVy0SYnVHJvb3SAAQAIABEAGgAjAC0AMgA3AEAARgBNAFUAYABnAGoAbABuAHEAcwB1AHcAhACOANsA4ADoAuQC5gLrAvYC/wMNAxEDGAMhAyYDMwM2A0gDSwNQAAAAAAAAAgEAAAAAAAAAKAAAAAAAAAAAAAAAAAAAA1I=}}

@article{PremackWoodruff78_ChimpanzeeToM,
	Author = {Premack, David and Woodruff, Guy},
	Date-Added = {2016-01-17 01:22:06 +0000},
	Date-Modified = {2016-01-17 01:31:09 +0000},
	Journal = {Behavioral and brain sciences},
	Number = {04},
	Pages = {515--526},
	Publisher = {Cambridge Univ Press},
	Title = {Does the chimpanzee have a theory of mind?},
	Volume = {1},
	Year = {1978},
	Bdsk-File-1 = {YnBsaXN0MDDUAQIDBAUGJCVYJHZlcnNpb25YJG9iamVjdHNZJGFyY2hpdmVyVCR0b3ASAAGGoKgHCBMUFRYaIVUkbnVsbNMJCgsMDxJXTlMua2V5c1pOUy5vYmplY3RzViRjbGFzc6INDoACgAOiEBGABIAFgAdccmVsYXRpdmVQYXRoWWFsaWFzRGF0YV8QRC4uLy4uLy4uLy4uL0JveCBTeW5jL3BhcGVycy9wZGZzL1ByZW1hY2tXb29kcnVmZjc4X0NoaW1wYW56ZWVUb00ucGRm0hcLGBlXTlMuZGF0YU8RAeYAAAAAAeYAAgAADE1hY2ludG9zaCBIRAAAAAAAAAAAAAAAAAAAAM/TyFZIKwAAAAxCaB9QcmVtYWNrV29vZHJ1ZmY3OF9DIzNDOEMxMzQucGRmAAAAAAAAAAAAAAAAAAAAAAAAAAAAAAAAAAAAAAAAAAADyME00sAu0QAAAAAAAAAAAAQABAAACSAAAAAAAAAAAAAAAAAAAAAEcGRmcwAQAAgAAM/UKsYAAAARAAgAANLAn1EAAAABABQADEJoAAxCZAAMPhQACWhKAAJm+QACAFFNYWNpbnRvc2ggSEQ6VXNlcnM6AHJ4ZGg6AEJveCBTeW5jOgBwYXBlcnM6AHBkZnM6AFByZW1hY2tXb29kcnVmZjc4X0MjM0M4QzEzNC5wZGYAAA4ASAAjAFAAcgBlAG0AYQBjAGsAVwBvAG8AZAByAHUAZgBmADcAOABfAEMAaABpAG0AcABhAG4AegBlAGUAVABvAE0ALgBwAGQAZgAPABoADABNAGEAYwBpAG4AdABvAHMAaAAgAEgARAASAENVc2Vycy9yeGRoL0JveCBTeW5jL3BhcGVycy9wZGZzL1ByZW1hY2tXb29kcnVmZjc4X0NoaW1wYW56ZWVUb00ucGRmAAATAAEvAAAVAAIAC///AACABtIbHB0eWiRjbGFzc25hbWVYJGNsYXNzZXNdTlNNdXRhYmxlRGF0YaMdHyBWTlNEYXRhWE5TT2JqZWN00hscIiNcTlNEaWN0aW9uYXJ5oiIgXxAPTlNLZXllZEFyY2hpdmVy0SYnVHJvb3SAAQAIABEAGgAjAC0AMgA3AEAARgBNAFUAYABnAGoAbABuAHEAcwB1AHcAhACOANUA2gDiAswCzgLTAt4C5wL1AvkDAAMJAw4DGwMeAzADMwM4AAAAAAAAAgEAAAAAAAAAKAAAAAAAAAAAAAAAAAAAAzo=}}

@article{WellmanCrossWatson01_ToMMetaAnalysis,
	Author = {Wellman, Henry M and Cross, David and Watson, Julanne},
	Date-Added = {2016-01-17 00:04:51 +0000},
	Date-Modified = {2016-01-17 01:31:20 +0000},
	Journal = {Child development},
	Pages = {655--684},
	Publisher = {JSTOR},
	Title = {Meta-analysis of theory-of-mind development: The truth about false belief},
	Year = {2001},
	Bdsk-File-1 = {YnBsaXN0MDDUAQIDBAUGJCVYJHZlcnNpb25YJG9iamVjdHNZJGFyY2hpdmVyVCR0b3ASAAGGoKgHCBMUFRYaIVUkbnVsbNMJCgsMDxJXTlMua2V5c1pOUy5vYmplY3RzViRjbGFzc6INDoACgAOiEBGABIAFgAdccmVsYXRpdmVQYXRoWWFsaWFzRGF0YV8QSS4uLy4uLy4uLy4uL0JveCBTeW5jL3BhcGVycy9wZGZzL1dlbGxtYW5Dcm9zc1dhdHNvbjAxX1RvTU1ldGFBbmFseXNpcy5wZGbSFwsYGVdOUy5kYXRhTxEB9AAAAAAB9AACAAAMTWFjaW50b3NoIEhEAAAAAAAAAAAAAAAAAAAAz9PIVkgrAAAADEJoH1dlbGxtYW5Dcm9zc1dhdHNvbjAjM0M4OTQ0RS5wZGYAAAAAAAAAAAAAAAAAAAAAAAAAAAAAAAAAAAAAAAAAAAPIlE7SwBvDAAAAAAAAAAAABAAEAAAJIAAAAAAAAAAAAAAAAAAAAARwZGZzABAACAAAz9QqxgAAABEACAAA0sCMQwAAAAEAFAAMQmgADEJkAAw+FAAJaEoAAmb5AAIAUU1hY2ludG9zaCBIRDpVc2VyczoAcnhkaDoAQm94IFN5bmM6AHBhcGVyczoAcGRmczoAV2VsbG1hbkNyb3NzV2F0c29uMCMzQzg5NDRFLnBkZgAADgBSACgAVwBlAGwAbABtAGEAbgBDAHIAbwBzAHMAVwBhAHQAcwBvAG4AMAAxAF8AVABvAE0ATQBlAHQAYQBBAG4AYQBsAHkAcwBpAHMALgBwAGQAZgAPABoADABNAGEAYwBpAG4AdABvAHMAaAAgAEgARAASAEhVc2Vycy9yeGRoL0JveCBTeW5jL3BhcGVycy9wZGZzL1dlbGxtYW5Dcm9zc1dhdHNvbjAxX1RvTU1ldGFBbmFseXNpcy5wZGYAEwABLwAAFQACAAv//wAAgAbSGxwdHlokY2xhc3NuYW1lWCRjbGFzc2VzXU5TTXV0YWJsZURhdGGjHR8gVk5TRGF0YVhOU09iamVjdNIbHCIjXE5TRGljdGlvbmFyeaIiIF8QD05TS2V5ZWRBcmNoaXZlctEmJ1Ryb290gAEACAARABoAIwAtADIANwBAAEYATQBVAGAAZwBqAGwAbgBxAHMAdQB3AIQAjgDaAN8A5wLfAuEC5gLxAvoDCAMMAxMDHAMhAy4DMQNDA0YDSwAAAAAAAAIBAAAAAAAAACgAAAAAAAAAAAAAAAAAAANN}}

@article{Hawkins15_RealTimeWebExperiments,
	Author = {Hawkins, Robert X. D.},
	Date-Added = {2015-12-18 00:01:08 +0000},
	Date-Modified = {2016-01-21 06:46:34 +0000},
	Journal = {Behavior Research Methods},
	Keywords = {Web experiments; Node.js; Behavioral game theory},
	Number = {4},
	Pages = {966-976},
	Title = {Conducting real-time multiplayer experiments on the web},
	Volume = {47},
	Year = {2015},
	Bdsk-File-1 = {YnBsaXN0MDDUAQIDBAUGJCVYJHZlcnNpb25YJG9iamVjdHNZJGFyY2hpdmVyVCR0b3ASAAGGoKgHCBMUFRYaIVUkbnVsbNMJCgsMDxJXTlMua2V5c1pOUy5vYmplY3RzViRjbGFzc6INDoACgAOiEBGABIAFgAdccmVsYXRpdmVQYXRoWWFsaWFzRGF0YV8QRS4uLy4uLy4uLy4uL0JveCBTeW5jL3BhcGVycy9wZGZzL0hhd2tpbnMxNV9SZWFsVGltZVdlYkV4cGVyaW1lbnRzLnBkZtIXCxgZV05TLmRhdGFPEQHoAAAAAAHoAAIAAAxNYWNpbnRvc2ggSEQAAAAAAAAAAAAAAAAAAADP08hWSCsAAAAMQmgfSGF3a2luczE1X1JlYWxUaW1lVyMzQjdFMTlBLnBkZgAAAAAAAAAAAAAAAAAAAAAAAAAAAAAAAAAAAAAAAAAAA7fhmtKum8EAAAAAAAAAAAAEAAQAAAkgAAAAAAAAAAAAAAAAAAAABHBkZnMAEAAIAADP1CrGAAAAEQAIAADSrwxBAAAAAQAUAAxCaAAMQmQADD4UAAloSgACZvkAAgBRTWFjaW50b3NoIEhEOlVzZXJzOgByeGRoOgBCb3ggU3luYzoAcGFwZXJzOgBwZGZzOgBIYXdraW5zMTVfUmVhbFRpbWVXIzNCN0UxOUEucGRmAAAOAEoAJABIAGEAdwBrAGkAbgBzADEANQBfAFIAZQBhAGwAVABpAG0AZQBXAGUAYgBFAHgAcABlAHIAaQBtAGUAbgB0AHMALgBwAGQAZgAPABoADABNAGEAYwBpAG4AdABvAHMAaAAgAEgARAASAERVc2Vycy9yeGRoL0JveCBTeW5jL3BhcGVycy9wZGZzL0hhd2tpbnMxNV9SZWFsVGltZVdlYkV4cGVyaW1lbnRzLnBkZgATAAEvAAAVAAIAC///AACABtIbHB0eWiRjbGFzc25hbWVYJGNsYXNzZXNdTlNNdXRhYmxlRGF0YaMdHyBWTlNEYXRhWE5TT2JqZWN00hscIiNcTlNEaWN0aW9uYXJ5oiIgXxAPTlNLZXllZEFyY2hpdmVy0SYnVHJvb3SAAQAIABEAGgAjAC0AMgA3AEAARgBNAFUAYABnAGoAbABuAHEAcwB1AHcAhACOANYA2wDjAs8C0QLWAuEC6gL4AvwDAwMMAxEDHgMhAzMDNgM7AAAAAAAAAgEAAAAAAAAAKAAAAAAAAAAAAAAAAAAAAz0=}}

@article{KoolenGattGoudbeekKrahmer11_Overspecification,
	Author = {Koolen, Ruud and Gatt, Albert and Goudbeek, Martijn and Krahmer, Emiel},
	Date-Added = {2015-11-04 00:00:39 +0000},
	Date-Modified = {2015-11-04 00:00:52 +0000},
	Journal = {Journal of Pragmatics},
	Number = {13},
	Pages = {3231--3250},
	Publisher = {Elsevier},
	Title = {Factors causing overspecification in definite descriptions},
	Volume = {43},
	Year = {2011},
	Bdsk-File-1 = {YnBsaXN0MDDUAQIDBAUGJCVYJHZlcnNpb25YJG9iamVjdHNZJGFyY2hpdmVyVCR0b3ASAAGGoKgHCBMUFRYaIVUkbnVsbNMJCgsMDxJXTlMua2V5c1pOUy5vYmplY3RzViRjbGFzc6INDoACgAOiEBGABIAFgAdccmVsYXRpdmVQYXRoWWFsaWFzRGF0YV8QUi4uLy4uLy4uLy4uL0JveCBTeW5jL3BhcGVycy9wZGZzL0tvb2xlbkdhdHRHb3VkYmVla0tyYWhtZXIxMV9PdmVyc3BlY2lmaWNhdGlvbi5wZGbSFwsYGVdOUy5kYXRhTxECEAAAAAACEAACAAAMTWFjaW50b3NoIEhEAAAAAAAAAAAAAAAAAAAAz9PIVkgrAAAADEJoH0tvb2xlbkdhdHRHb3VkYmVla0sjMzZGNDg2My5wZGYAAAAAAAAAAAAAAAAAAAAAAAAAAAAAAAAAAAAAAAAAAANvSGPSXorAAAAAAAAAAAAABAAEAAAJIAAAAAAAAAAAAAAAAAAAAARwZGZzABAACAAAz9QqxgAAABEACAAA0l77QAAAAAEAFAAMQmgADEJkAAw+FAAJaEoAAmb5AAIAUU1hY2ludG9zaCBIRDpVc2VyczoAcnhkaDoAQm94IFN5bmM6AHBhcGVyczoAcGRmczoAS29vbGVuR2F0dEdvdWRiZWVrSyMzNkY0ODYzLnBkZgAADgBkADEASwBvAG8AbABlAG4ARwBhAHQAdABHAG8AdQBkAGIAZQBlAGsASwByAGEAaABtAGUAcgAxADEAXwBPAHYAZQByAHMAcABlAGMAaQBmAGkAYwBhAHQAaQBvAG4ALgBwAGQAZgAPABoADABNAGEAYwBpAG4AdABvAHMAaAAgAEgARAASAFFVc2Vycy9yeGRoL0JveCBTeW5jL3BhcGVycy9wZGZzL0tvb2xlbkdhdHRHb3VkYmVla0tyYWhtZXIxMV9PdmVyc3BlY2lmaWNhdGlvbi5wZGYAABMAAS8AABUAAgAL//8AAIAG0hscHR5aJGNsYXNzbmFtZVgkY2xhc3Nlc11OU011dGFibGVEYXRhox0fIFZOU0RhdGFYTlNPYmplY3TSGxwiI1xOU0RpY3Rpb25hcnmiIiBfEA9OU0tleWVkQXJjaGl2ZXLRJidUcm9vdIABAAgAEQAaACMALQAyADcAQABGAE0AVQBgAGcAagBsAG4AcQBzAHUAdwCEAI4A4wDoAPADBAMGAwsDFgMfAy0DMQM4A0EDRgNTA1YDaANrA3AAAAAAAAACAQAAAAAAAAAoAAAAAAAAAAAAAAAAAAADcg==}}

@book{Clark96_UsingLanguage,
	Author = {Clark, Herbert H},
	Date-Added = {2015-05-19 19:12:29 +0000},
	Date-Modified = {2015-11-21 11:24:24 +0000},
	Publisher = {Cambridge university press Cambridge},
	Title = {Using language},
	Year = {1996}}

@article{HellerGrodnerTanenhaus08_Perspective,
	Author = {Heller, Daphna and Grodner, Daniel and Tanenhaus, Michael K},
	Date-Added = {2015-04-08 20:24:12 +0000},
	Date-Modified = {2015-04-08 20:27:52 +0000},
	Journal = {Cognition},
	Number = {3},
	Pages = {831--836},
	Publisher = {Elsevier},
	Title = {The role of perspective in identifying domains of reference},
	Volume = {108},
	Year = {2008},
	Bdsk-File-1 = {YnBsaXN0MDDUAQIDBAUGJCVYJHZlcnNpb25YJG9iamVjdHNZJGFyY2hpdmVyVCR0b3ASAAGGoKgHCBMUFRYaIVUkbnVsbNMJCgsMDxJXTlMua2V5c1pOUy5vYmplY3RzViRjbGFzc6INDoACgAOiEBGABIAFgAdccmVsYXRpdmVQYXRoWWFsaWFzRGF0YV8QSS4uLy4uLy4uLy4uL0JveCBTeW5jL3BhcGVycy9wZGZzL0hlbGxlckdyb2RuZXJUYW5lbmhhdXMwOF9QZXJzcGVjdGl2ZS5wZGbSFwsYGVdOUy5kYXRhTxEB9AAAAAAB9AACAAAMTWFjaW50b3NoIEhEAAAAAAAAAAAAAAAAAAAAz9PIVkgrAAAADEJoH0hlbGxlckdyb2RuZXJUYW5lbmgjM0M5MTg2Qi5wZGYAAAAAAAAAAAAAAAAAAAAAAAAAAAAAAAAAAAAAAAAAAAPJGGvRSt3XUERGIAAAAAAABAAEAAAJIAAAAAAAAAAAAAAAAAAAAARwZGZzABAACAAAz9QqxgAAABEACAAA0UtARwAAAAEAFAAMQmgADEJkAAw+FAAJaEoAAmb5AAIAUU1hY2ludG9zaCBIRDpVc2VyczoAcnhkaDoAQm94IFN5bmM6AHBhcGVyczoAcGRmczoASGVsbGVyR3JvZG5lclRhbmVuaCMzQzkxODZCLnBkZgAADgBSACgASABlAGwAbABlAHIARwByAG8AZABuAGUAcgBUAGEAbgBlAG4AaABhAHUAcwAwADgAXwBQAGUAcgBzAHAAZQBjAHQAaQB2AGUALgBwAGQAZgAPABoADABNAGEAYwBpAG4AdABvAHMAaAAgAEgARAASAEhVc2Vycy9yeGRoL0JveCBTeW5jL3BhcGVycy9wZGZzL0hlbGxlckdyb2RuZXJUYW5lbmhhdXMwOF9QZXJzcGVjdGl2ZS5wZGYAEwABLwAAFQACAAv//wAAgAbSGxwdHlokY2xhc3NuYW1lWCRjbGFzc2VzXU5TTXV0YWJsZURhdGGjHR8gVk5TRGF0YVhOU09iamVjdNIbHCIjXE5TRGljdGlvbmFyeaIiIF8QD05TS2V5ZWRBcmNoaXZlctEmJ1Ryb290gAEACAARABoAIwAtADIANwBAAEYATQBVAGAAZwBqAGwAbgBxAHMAdQB3AIQAjgDaAN8A5wLfAuEC5gLxAvoDCAMMAxMDHAMhAy4DMQNDA0YDSwAAAAAAAAIBAAAAAAAAACgAAAAAAAAAAAAAAAAAAANN}}

@article{KeysarLinBarr03_LimitsOnTheoryOfMindUse,
	Abstract = {By 6 years, children have a sophisticated adult-like theory of mind that enables them not only to understand the actions of social agents in terms of underlying mental states, but also to distinguish between their own mental states and those of others. Despite this, we argue that even adults do not reliably use this sophisticated ability for the very purpose for which it is designed, to interpret the actions of others. In Experiment 1, a person who played the role of ``director'' in a communication game instructed a participant to move certain objects around in a grid. Before receiving instructions, participants hid an object in a bag, such that they but not the director would know its identity. Occasionally, the descriptions that the director used to refer to a mutually-visible object more closely matched the identity of the object hidden in the bag. Although they clearly knew that the director did not know the identity of the hidden object, they often took it as the referent of the director's description, sometimes even attempting to comply with the instruction by actually moving the bag itself. In Experiment 2 this occurred even when the participants believed that the director had a false belief about the identity of the hidden object, i.e. that she thought that a different object was in the bag. These results show a stark dissociation between an ability to reflectively distinguish one's own beliefs from others', and the routine deployment of this ability in interpreting the actions of others. We propose that this dissociation indicates that important elements of the adult's theory of mind are not fully incorporated into the human comprehension system. },
	Author = {Boaz Keysar and Shuhong Lin and Dale J Barr},
	Date-Added = {2015-02-03 00:16:05 +0000},
	Date-Modified = {2016-03-31 00:21:36 +0000},
	Journal = {Cognition},
	Keywords = {Egocentrism},
	Number = {1},
	Pages = {25 - 41},
	Read = {1},
	Title = {Limits on theory of mind use in adults},
	Volume = {89},
	Year = {2003},
	Bdsk-File-1 = {YnBsaXN0MDDUAQIDBAUGJCVYJHZlcnNpb25YJG9iamVjdHNZJGFyY2hpdmVyVCR0b3ASAAGGoKgHCBMUFRYaIVUkbnVsbNMJCgsMDxJXTlMua2V5c1pOUy5vYmplY3RzViRjbGFzc6INDoACgAOiEBGABIAFgAdccmVsYXRpdmVQYXRoWWFsaWFzRGF0YV8QTC4uLy4uLy4uLy4uL0JveCBTeW5jL3BhcGVycy9wZGZzL0tleXNhckxpbkJhcnIwM19MaW1pdHNPblRoZW9yeU9mTWluZFVzZS5wZGbSFwsYGVdOUy5kYXRhTxEB/gAAAAAB/gACAAAMTWFjaW50b3NoIEhEAAAAAAAAAAAAAAAAAAAAz9PIVkgrAAAADEJoH0tleXNhckxpbkJhcnIwM19MaW1pI0QwQUZBNS5wZGYAAAAAAAAAAAAAAAAAAAAAAAAAAAAAAAAAAAAAAAAAAADQr6XQ9VNXUERGIAAAAAAABAAEAAAJIAAAAAAAAAAAAAAAAAAAAARwZGZzABAACAAAz9QqxgAAABEACAAA0PXD1wAAAAEAFAAMQmgADEJkAAw+FAAJaEoAAmb5AAIAUU1hY2ludG9zaCBIRDpVc2VyczoAcnhkaDoAQm94IFN5bmM6AHBhcGVyczoAcGRmczoAS2V5c2FyTGluQmFycjAzX0xpbWkjRDBBRkE1LnBkZgAADgBYACsASwBlAHkAcwBhAHIATABpAG4AQgBhAHIAcgAwADMAXwBMAGkAbQBpAHQAcwBPAG4AVABoAGUAbwByAHkATwBmAE0AaQBuAGQAVQBzAGUALgBwAGQAZgAPABoADABNAGEAYwBpAG4AdABvAHMAaAAgAEgARAASAEtVc2Vycy9yeGRoL0JveCBTeW5jL3BhcGVycy9wZGZzL0tleXNhckxpbkJhcnIwM19MaW1pdHNPblRoZW9yeU9mTWluZFVzZS5wZGYAABMAAS8AABUAAgAL//8AAIAG0hscHR5aJGNsYXNzbmFtZVgkY2xhc3Nlc11OU011dGFibGVEYXRhox0fIFZOU0RhdGFYTlNPYmplY3TSGxwiI1xOU0RpY3Rpb25hcnmiIiBfEA9OU0tleWVkQXJjaGl2ZXLRJidUcm9vdIABAAgAEQAaACMALQAyADcAQABGAE0AVQBgAGcAagBsAG4AcQBzAHUAdwCEAI4A3QDiAOoC7ALuAvMC/gMHAxUDGQMgAykDLgM7Az4DUANTA1gAAAAAAAACAQAAAAAAAAAoAAAAAAAAAAAAAAAAAAADWg==}}


@article{GoodmanFrank16_RSATiCS,
	Author = {Goodman, Noah D and Frank, Michael C},
	Journal = {Trends in Cognitive Sciences},
	Number = {11},
	Pages = {818 - 829},
	Title = {Pragmatic language interpretation as probabilistic inference},
	Volume = {20},
	Year = {2016}}


@article{FrankeJager16_ProbabilisticPragmatics,
	Author = {Franke, Michael and J{\"a}ger, Gerhard},
	Journal = {Zeitschrift f{\"u}r sprachwissenschaft},
	Number = {1},
	Pages = {3--44},
	Title = {Probabilistic pragmatics, or why Bayes' rule is probably important for pragmatics},
	Volume = {35},
	Year = {2016}}

@article{GoodmanStuhlmuller13_KnowledgeImplicature,
	Author = {Goodman, Noah D and Stuhlm{\"u}ller, Andreas},
	Date-Added = {2015-01-16 07:05:55 +0000},
	Date-Modified = {2015-01-16 07:06:04 +0000},
	Journal = {Topics in cognitive science},
	Number = {1},
	Pages = {173--184},
	Publisher = {Wiley Online Library},
	Title = {Knowledge and implicature: Modeling language understanding as social cognition},
	Volume = {5},
	Year = {2013},
	Bdsk-File-1 = {YnBsaXN0MDDUAQIDBAUGJCVYJHZlcnNpb25YJG9iamVjdHNZJGFyY2hpdmVyVCR0b3ASAAGGoKgHCBMUFRYaIVUkbnVsbNMJCgsMDxJXTlMua2V5c1pOUy5vYmplY3RzViRjbGFzc6INDoACgAOiEBGABIAFgAdccmVsYXRpdmVQYXRoWWFsaWFzRGF0YV8QTi4uLy4uLy4uLy4uL0JveCBTeW5jL3BhcGVycy9wZGZzL0dvb2RtYW5TdHVobG11bGxlcjEzX0tub3dsZWRnZUltcGxpY2F0dXJlLnBkZtIXCxgZV05TLmRhdGFPEQIEAAAAAAIEAAIAAAxNYWNpbnRvc2ggSEQAAAAAAAAAAAAAAAAAAADP08hWSCsAAAAMQmgfR29vZG1hblN0dWhsbXVsbGVyMTMjOUUzNkNDLnBkZgAAAAAAAAAAAAAAAAAAAAAAAAAAAAAAAAAAAAAAAAAAAJ42zNDd+GcAAAAAAAAAAAAEAAQAAAkgAAAAAAAAAAAAAAAAAAAABHBkZnMAEAAIAADP1CrGAAAAEQAIAADQ3mjnAAAAAQAUAAxCaAAMQmQADD4UAAloSgACZvkAAgBRTWFjaW50b3NoIEhEOlVzZXJzOgByeGRoOgBCb3ggU3luYzoAcGFwZXJzOgBwZGZzOgBHb29kbWFuU3R1aGxtdWxsZXIxMyM5RTM2Q0MucGRmAAAOAFwALQBHAG8AbwBkAG0AYQBuAFMAdAB1AGgAbABtAHUAbABsAGUAcgAxADMAXwBLAG4AbwB3AGwAZQBkAGcAZQBJAG0AcABsAGkAYwBhAHQAdQByAGUALgBwAGQAZgAPABoADABNAGEAYwBpAG4AdABvAHMAaAAgAEgARAASAE1Vc2Vycy9yeGRoL0JveCBTeW5jL3BhcGVycy9wZGZzL0dvb2RtYW5TdHVobG11bGxlcjEzX0tub3dsZWRnZUltcGxpY2F0dXJlLnBkZgAAEwABLwAAFQACAAv//wAAgAbSGxwdHlokY2xhc3NuYW1lWCRjbGFzc2VzXU5TTXV0YWJsZURhdGGjHR8gVk5TRGF0YVhOU09iamVjdNIbHCIjXE5TRGljdGlvbmFyeaIiIF8QD05TS2V5ZWRBcmNoaXZlctEmJ1Ryb290gAEACAARABoAIwAtADIANwBAAEYATQBVAGAAZwBqAGwAbgBxAHMAdQB3AIQAjgDfAOQA7AL0AvYC+wMGAw8DHQMhAygDMQM2A0MDRgNYA1sDYAAAAAAAAAIBAAAAAAAAACgAAAAAAAAAAAAAAAAAAANi}}

@article{KeysarBarr___Brauner00_TakingPerspective,
	Author = {Keysar, Boaz and Barr, Dale J and Balin, Jennifer A and Brauner, Jason S},
	Date-Added = {2015-01-14 03:24:00 +0000},
	Date-Modified = {2015-02-02 23:33:19 +0000},
	Journal = {Psychological Science},
	Number = {1},
	Pages = {32--38},
	Publisher = {SAGE Publications},
	Title = {Taking perspective in conversation: The role of mutual knowledge in comprehension},
	Volume = {11},
	Year = {2000},
	Bdsk-File-1 = {YnBsaXN0MDDUAQIDBAUGJCVYJHZlcnNpb25YJG9iamVjdHNZJGFyY2hpdmVyVCR0b3ASAAGGoKgHCBMUFRYaIVUkbnVsbNMJCgsMDxJXTlMua2V5c1pOUy5vYmplY3RzViRjbGFzc6INDoACgAOiEBGABIAFgAdccmVsYXRpdmVQYXRoWWFsaWFzRGF0YV8QUi4uLy4uLy4uLy4uL0JveCBTeW5jL3BhcGVycy9wZGZzL0tleXNhckJhcnJfX19CcmF1bmVyMDBfVGFraW5nUGVyc3BlY3RpdmUucGRmai5wZGbSFwsYGVdOUy5kYXRhTxECEAAAAAACEAACAAAMTWFjaW50b3NoIEhEAAAAAAAAAAAAAAAAAAAAz9PIVkgrAAAADEJoH0tleXNhckJhcnJfX19CcmF1bmVyIzk3NUM2My5wZGYAAAAAAAAAAAAAAAAAAAAAAAAAAAAAAAAAAAAAAAAAAACXXGPQ2yGuAAAAAAAAAAAABAAEAAAJIAAAAAAAAAAAAAAAAAAAAARwZGZzABAACAAAz9QqxgAAABEACAAA0NuSLgAAAAEAFAAMQmgADEJkAAw+FAAJaEoAAmb5AAIAUU1hY2ludG9zaCBIRDpVc2VyczoAcnhkaDoAQm94IFN5bmM6AHBhcGVyczoAcGRmczoAS2V5c2FyQmFycl9fX0JyYXVuZXIjOTc1QzYzLnBkZgAADgBkADEASwBlAHkAcwBhAHIAQgBhAHIAcgBfAF8AXwBCAHIAYQB1AG4AZQByADAAMABfAFQAYQBrAGkAbgBnAFAAZQByAHMAcABlAGMAdABpAHYAZQAuAHAAZABmAGoALgBwAGQAZgAPABoADABNAGEAYwBpAG4AdABvAHMAaAAgAEgARAASAFFVc2Vycy9yeGRoL0JveCBTeW5jL3BhcGVycy9wZGZzL0tleXNhckJhcnJfX19CcmF1bmVyMDBfVGFraW5nUGVyc3BlY3RpdmUucGRmai5wZGYAABMAAS8AABUAAgAL//8AAIAG0hscHR5aJGNsYXNzbmFtZVgkY2xhc3Nlc11OU011dGFibGVEYXRhox0fIFZOU0RhdGFYTlNPYmplY3TSGxwiI1xOU0RpY3Rpb25hcnmiIiBfEA9OU0tleWVkQXJjaGl2ZXLRJidUcm9vdIABAAgAEQAaACMALQAyADcAQABGAE0AVQBgAGcAagBsAG4AcQBzAHUAdwCEAI4A4wDoAPADBAMGAwsDFgMfAy0DMQM4A0EDRgNTA1YDaANrA3AAAAAAAAACAQAAAAAAAAAoAAAAAAAAAAAAAAAAAAADcg==}}

@article{BakerSaxeTenenbaum09_ActionUnderstandingInversePlanning,
	Author = {Baker, Chris L and Saxe, Rebecca and Tenenbaum, Joshua B},
	Date-Added = {2014-11-28 23:30:09 +0000},
	Date-Modified = {2015-04-21 22:25:48 +0000},
	Journal = {Cognition},
	Number = {3},
	Pages = {329--349},
	Publisher = {Elsevier},
	Title = {Action understanding as inverse planning},
	Volume = {113},
	Year = {2009},
	Bdsk-File-1 = {YnBsaXN0MDDUAQIDBAUGJCVYJHZlcnNpb25YJG9iamVjdHNZJGFyY2hpdmVyVCR0b3ASAAGGoKgHCBMUFRYaIVUkbnVsbNMJCgsMDxJXTlMua2V5c1pOUy5vYmplY3RzViRjbGFzc6INDoACgAOiEBGABIAFgAdccmVsYXRpdmVQYXRoWWFsaWFzRGF0YV8QXC4uLy4uLy4uLy4uL0JveCBTeW5jL3BhcGVycy9wZGZzL0Jha2VyU2F4ZVRlbmVuYmF1bTA5X0FjdGlvblVuZGVyc3RhbmRpbmdJbnZlcnNlUGxhbm5pbmcucGRm0hcLGBlXTlMuZGF0YU8RAi4AAAAAAi4AAgAADE1hY2ludG9zaCBIRAAAAAAAAAAAAAAAAAAAAM/TyFZIKwAAAAxCaB9CYWtlclNheGVUZW5lbmJhdW0wOSM1OEJCRjgucGRmAAAAAAAAAAAAAAAAAAAAAAAAAAAAAAAAAAAAAAAAAAAAWLv40J5FkgAAAAAAAAAAAAQABAAACSAAAAAAAAAAAAAAAAAAAAAEcGRmcwAQAAgAAM/UKsYAAAARAAgAANCethIAAAABABQADEJoAAxCZAAMPhQACWhKAAJm+QACAFFNYWNpbnRvc2ggSEQ6VXNlcnM6AHJ4ZGg6AEJveCBTeW5jOgBwYXBlcnM6AHBkZnM6AEJha2VyU2F4ZVRlbmVuYmF1bTA5IzU4QkJGOC5wZGYAAA4AeAA7AEIAYQBrAGUAcgBTAGEAeABlAFQAZQBuAGUAbgBiAGEAdQBtADAAOQBfAEEAYwB0AGkAbwBuAFUAbgBkAGUAcgBzAHQAYQBuAGQAaQBuAGcASQBuAHYAZQByAHMAZQBQAGwAYQBuAG4AaQBuAGcALgBwAGQAZgAPABoADABNAGEAYwBpAG4AdABvAHMAaAAgAEgARAASAFtVc2Vycy9yeGRoL0JveCBTeW5jL3BhcGVycy9wZGZzL0Jha2VyU2F4ZVRlbmVuYmF1bTA5X0FjdGlvblVuZGVyc3RhbmRpbmdJbnZlcnNlUGxhbm5pbmcucGRmAAATAAEvAAAVAAIAC///AACABtIbHB0eWiRjbGFzc25hbWVYJGNsYXNzZXNdTlNNdXRhYmxlRGF0YaMdHyBWTlNEYXRhWE5TT2JqZWN00hscIiNcTlNEaWN0aW9uYXJ5oiIgXxAPTlNLZXllZEFyY2hpdmVy0SYnVHJvb3SAAQAIABEAGgAjAC0AMgA3AEAARgBNAFUAYABnAGoAbABuAHEAcwB1AHcAhACOAO0A8gD6AywDLgMzAz4DRwNVA1kDYANpA24DewN+A5ADkwOYAAAAAAAAAgEAAAAAAAAAKAAAAAAAAAAAAAAAAAAAA5o=}}

@incollection{Grice75_LogicConversation,
	Address = {New York},
	Author = {Grice, H. P.},
	Booktitle = {Syntax and Semantics},
	Date-Added = {2014-11-21 04:04:44 +0000},
	Date-Modified = {2015-02-03 20:27:15 +0000},
	Editor = {Cole, P. and Morgan, J.},
	Pages = {43--58},
	Publisher = {Academic Press},
	Title = {Logic and conversation},
	Year = {1975},
	Bdsk-File-1 = {YnBsaXN0MDDUAQIDBAUGJCVYJHZlcnNpb25YJG9iamVjdHNZJGFyY2hpdmVyVCR0b3ASAAGGoKgHCBMUFRYaIVUkbnVsbNMJCgsMDxJXTlMua2V5c1pOUy5vYmplY3RzViRjbGFzc6INDoACgAOiEBGABIAFgAdccmVsYXRpdmVQYXRoWWFsaWFzRGF0YV8QPi4uLy4uLy4uLy4uL0JveCBTeW5jL3BhcGVycy9wZGZzL0dyaWNlNzVfTG9naWNDb252ZXJzYXRpb24ucGRm0hcLGBlXTlMuZGF0YU8RAdIAAAAAAdIAAgAADE1hY2ludG9zaCBIRAAAAAAAAAAAAAAAAAAAAM/TyFZIKwAAAAxCaB1HcmljZTc1X0xvZ2ljQ29udmVyc2F0aW9uLnBkZgAAAAAAAAAAAAAAAAAAAAAAAAAAAAAAAAAAAAAAAAAAAAAAya7C0PZvBVBERiAAAAAAAAQABAAACSAAAAAAAAAAAAAAAAAAAAAEcGRmcwAQAAgAAM/UKsYAAAARAAgAAND234UAAAABABQADEJoAAxCZAAMPhQACWhKAAJm+QACAE9NYWNpbnRvc2ggSEQ6VXNlcnM6AHJ4ZGg6AEJveCBTeW5jOgBwYXBlcnM6AHBkZnM6AEdyaWNlNzVfTG9naWNDb252ZXJzYXRpb24ucGRmAAAOADwAHQBHAHIAaQBjAGUANwA1AF8ATABvAGcAaQBjAEMAbwBuAHYAZQByAHMAYQB0AGkAbwBuAC4AcABkAGYADwAaAAwATQBhAGMAaQBuAHQAbwBzAGgAIABIAEQAEgA9VXNlcnMvcnhkaC9Cb3ggU3luYy9wYXBlcnMvcGRmcy9HcmljZTc1X0xvZ2ljQ29udmVyc2F0aW9uLnBkZgAAEwABLwAAFQACAAv//wAAgAbSGxwdHlokY2xhc3NuYW1lWCRjbGFzc2VzXU5TTXV0YWJsZURhdGGjHR8gVk5TRGF0YVhOU09iamVjdNIbHCIjXE5TRGljdGlvbmFyeaIiIF8QD05TS2V5ZWRBcmNoaXZlctEmJ1Ryb290gAEACAARABoAIwAtADIANwBAAEYATQBVAGAAZwBqAGwAbgBxAHMAdQB3AIQAjgDPANQA3AKyArQCuQLEAs0C2wLfAuYC7wL0AwEDBAMWAxkDHgAAAAAAAAIBAAAAAAAAACgAAAAAAAAAAAAAAAAAAAMg}}

@article{FrankGoodman12_PragmaticReasoningLanguageGames,
	Author = {Frank, Michael C and Goodman, Noah D},
	Date-Added = {2013-11-22 04:09:48 +0000},
	Date-Modified = {2013-11-22 04:11:15 +0000},
	Journal = {Science},
	Number = {6084},
	Pages = {998--998},
	Publisher = {American Association for the Advancement of Science},
	Title = {Predicting pragmatic reasoning in language games},
	Volume = {336},
	Year = {2012},
	Bdsk-File-1 = {YnBsaXN0MDDUAQIDBAUGJCVYJHZlcnNpb25YJG9iamVjdHNZJGFyY2hpdmVyVCR0b3ASAAGGoKgHCBMUFRYaIVUkbnVsbNMJCgsMDxJXTlMua2V5c1pOUy5vYmplY3RzViRjbGFzc6INDoACgAOiEBGABIAFgAdccmVsYXRpdmVQYXRoWWFsaWFzRGF0YV8QUy4uLy4uLy4uLy4uL0JveCBTeW5jL3BhcGVycy9wZGZzL0ZyYW5rR29vZG1hbjEyX1ByYWdtYXRpY1JlYXNvbmluZ0xhbmd1YWdlR2FtZXMucGRm0hcLGBlXTlMuZGF0YU8RAhIAAAAAAhIAAgAADE1hY2ludG9zaCBIRAAAAAAAAAAAAAAAAAAAAM/TyFZIKwAAAAxCaB9GcmFua0dvb2RtYW4xMl9QcmFnbWEjQzg4OTIucGRmAAAAAAAAAAAAAAAAAAAAAAAAAAAAAAAAAAAAAAAAAAAADIiSzrQahwAAAAAAAAAAAAQABAAACSAAAAAAAAAAAAAAAAAAAAAEcGRmcwAQAAgAAM/UKsYAAAARAAgAAM60iwcAAAABABQADEJoAAxCZAAMPhQACWhKAAJm+QACAFFNYWNpbnRvc2ggSEQ6VXNlcnM6AHJ4ZGg6AEJveCBTeW5jOgBwYXBlcnM6AHBkZnM6AEZyYW5rR29vZG1hbjEyX1ByYWdtYSNDODg5Mi5wZGYAAA4AZgAyAEYAcgBhAG4AawBHAG8AbwBkAG0AYQBuADEAMgBfAFAAcgBhAGcAbQBhAHQAaQBjAFIAZQBhAHMAbwBuAGkAbgBnAEwAYQBuAGcAdQBhAGcAZQBHAGEAbQBlAHMALgBwAGQAZgAPABoADABNAGEAYwBpAG4AdABvAHMAaAAgAEgARAASAFJVc2Vycy9yeGRoL0JveCBTeW5jL3BhcGVycy9wZGZzL0ZyYW5rR29vZG1hbjEyX1ByYWdtYXRpY1JlYXNvbmluZ0xhbmd1YWdlR2FtZXMucGRmABMAAS8AABUAAgAL//8AAIAG0hscHR5aJGNsYXNzbmFtZVgkY2xhc3Nlc11OU011dGFibGVEYXRhox0fIFZOU0RhdGFYTlNPYmplY3TSGxwiI1xOU0RpY3Rpb25hcnmiIiBfEA9OU0tleWVkQXJjaGl2ZXLRJidUcm9vdIABAAgAEQAaACMALQAyADcAQABGAE0AVQBgAGcAagBsAG4AcQBzAHUAdwCEAI4A5ADpAPEDBwMJAw4DGQMiAzADNAM7A0QDSQNWA1kDawNuA3MAAAAAAAACAQAAAAAAAAAoAAAAAAAAAAAAAAAAAAADdQ==}}

@article{GopnikWellman12_ReconstructingConstructivism,
	Author = {Gopnik, Alison and Wellman, Henry M},
	Date-Added = {2013-07-17 20:26:42 +0000},
	Date-Modified = {2013-07-17 20:28:47 +0000},
	Journal = {Psychological bulletin},
	Number = {6},
	Pages = {1085--1108},
	Publisher = {American Psychological Association},
	Title = {Reconstructing constructivism: Causal models, Bayesian learning mechanisms, and the theory theory.},
	Volume = {138},
	Year = {2012},
	Bdsk-File-1 = {YnBsaXN0MDDUAQIDBAUGJCVYJHZlcnNpb25YJG9iamVjdHNZJGFyY2hpdmVyVCR0b3ASAAGGoKgHCBMUFRYaIVUkbnVsbNMJCgsMDxJXTlMua2V5c1pOUy5vYmplY3RzViRjbGFzc6INDoACgAOiEBGABIAFgAdccmVsYXRpdmVQYXRoWWFsaWFzRGF0YV8QUS4uLy4uLy4uLy4uL0JveCBTeW5jL3BhcGVycy9wZGZzL0dvcG5pa1dlbGxtYW4xMl9SZWNvbnN0cnVjdGluZ0NvbnN0cnVjdGl2aXNtLnBkZtIXCxgZV05TLmRhdGFPEQIMAAAAAAIMAAIAAAxNYWNpbnRvc2ggSEQAAAAAAAAAAAAAAAAAAADP08hWSCsAAAAMQmgfR29wbmlrV2VsbG1hbjEyX1JlYyMzQzhBODJDLnBkZgAAAAAAAAAAAAAAAAAAAAAAAAAAAAAAAAAAAAAAAAAAA8ioLM4MPo1QREYgAAAAAAAEAAQAAAkgAAAAAAAAAAAAAAAAAAAABHBkZnMAEAAIAADP1CrGAAAAEQAIAADODKD9AAAAAQAUAAxCaAAMQmQADD4UAAloSgACZvkAAgBRTWFjaW50b3NoIEhEOlVzZXJzOgByeGRoOgBCb3ggU3luYzoAcGFwZXJzOgBwZGZzOgBHb3BuaWtXZWxsbWFuMTJfUmVjIzNDOEE4MkMucGRmAAAOAGIAMABHAG8AcABuAGkAawBXAGUAbABsAG0AYQBuADEAMgBfAFIAZQBjAG8AbgBzAHQAcgB1AGMAdABpAG4AZwBDAG8AbgBzAHQAcgB1AGMAdABpAHYAaQBzAG0ALgBwAGQAZgAPABoADABNAGEAYwBpAG4AdABvAHMAaAAgAEgARAASAFBVc2Vycy9yeGRoL0JveCBTeW5jL3BhcGVycy9wZGZzL0dvcG5pa1dlbGxtYW4xMl9SZWNvbnN0cnVjdGluZ0NvbnN0cnVjdGl2aXNtLnBkZgATAAEvAAAVAAIAC///AACABtIbHB0eWiRjbGFzc25hbWVYJGNsYXNzZXNdTlNNdXRhYmxlRGF0YaMdHyBWTlNEYXRhWE5TT2JqZWN00hscIiNcTlNEaWN0aW9uYXJ5oiIgXxAPTlNLZXllZEFyY2hpdmVy0SYnVHJvb3SAAQAIABEAGgAjAC0AMgA3AEAARgBNAFUAYABnAGoAbABuAHEAcwB1AHcAhACOAOIA5wDvAv8DAQMGAxEDGgMoAywDMwM8A0EDTgNRA2MDZgNrAAAAAAAAAgEAAAAAAAAAKAAAAAAAAAAAAAAAAAAAA20=}}


@article{KaoWuBergenGoodman14_NonliteralNumberWords,
	Author = {Kao, Justine T and Wu, Jean Y and Bergen, Leon and Goodman, Noah D},
	Date-Added = {2015-05-30 20:15:33 +0000},
	Date-Modified = {2015-05-30 20:15:45 +0000},
	Journal = {Proceedings of the National Academy of Sciences},
	Number = {33},
	Pages = {12002--12007},
	Publisher = {National Acad Sciences},
	Title = {Nonliteral understanding of number words},
	Volume = {111},
	Year = {2014}}


@article{BergenLevyGoodman16_LexicalUncertainty,
	Author = {Bergen, Leon and Levy, Roger and Goodman, Noah},
	Journal = {Semantics and Pragmatics},
	Number = {20},
	Title = {Pragmatic reasoning through semantic inference},
	Volume = {9},
	Year = {2016}}


@article{BergenGoodman15_StrategicUseOfNoise,
	Author = {Bergen, Leon and Goodman, Noah D},
	Journal = {Topics in cognitive science},
	Number = {2},
	Pages = {336--350},
	Title = {The strategic use of noise in pragmatic reasoning},
	Volume = {7},
	Year = {2015}}
